<record><leader>03274cam a2200397 a 4500</leader><controlfield tag="001">6804893</controlfield><controlfield tag="003">OCoLC</controlfield><controlfield tag="005">20150228085848.0</controlfield><controlfield tag="008">140706t20152015nyuabf   b    001 0 eng d</controlfield><datafield ind1=" " ind2=" " tag="020"><subfield code="a">9781451696219</subfield><subfield code="q">hc.</subfield></datafield><datafield ind1=" " ind2=" " tag="020"><subfield code="a">1451696213</subfield><subfield code="q">hc.</subfield></datafield><datafield ind1=" " ind2=" " tag="020"><subfield code="z">9781451696233</subfield><subfield code="q">ebook</subfield></datafield><datafield ind1=" " ind2=" " tag="035"><subfield code="a">ocn883147932</subfield></datafield><datafield ind1=" " ind2=" " tag="039"><subfield code="a">exclude</subfield></datafield><datafield ind1=" " ind2=" " tag="040"><subfield code="a">BTCTA</subfield><subfield code="b">eng</subfield><subfield code="c">BTCTA</subfield><subfield code="d">BDX</subfield><subfield code="d">GK8</subfield><subfield code="d">UKMGB</subfield><subfield code="d">UPZ</subfield><subfield code="d">WIM</subfield><subfield code="d">JAI</subfield><subfield code="d">YDXCP</subfield><subfield code="d">ABG</subfield><subfield code="d">AEU</subfield></datafield><datafield ind1=" " ind2=" " tag="043"><subfield code="a">e-sp---</subfield></datafield><datafield ind1=" " ind2="4" tag="050"><subfield code="a">DP269</subfield><subfield code="b">.R48 2015</subfield></datafield><datafield ind1="0" ind2="4" tag="082"><subfield code="a">946.081</subfield><subfield code="2">23</subfield></datafield><datafield ind1=" " ind2=" " tag="090"><subfield code="a">DP269 .R48 2015</subfield><subfield code="b">AEGMCT</subfield></datafield><datafield ind1="1" ind2=" " tag="100"><subfield code="a">Rhodes, Richard,</subfield><subfield code="d">1937-</subfield><subfield code="e">author.</subfield></datafield><datafield ind1="1" ind2="0" tag="245"><subfield code="a">Hell and good company :</subfield><subfield code="b">the Spanish Civil War and the world it made /</subfield><subfield code="c">Richard Rhodes.</subfield></datafield><datafield ind1="3" ind2="0" tag="246"><subfield code="a">Spanish Civil War and the world it made</subfield></datafield><datafield ind1=" " ind2=" " tag="250"><subfield code="a">First Simon &amp; Schuster hardcover edition.</subfield></datafield><datafield ind1=" " ind2="1" tag="264"><subfield code="a">New York, NY :</subfield><subfield code="b">Simon &amp; Schuster,</subfield><subfield code="c">2015.</subfield></datafield><datafield ind1=" " ind2="4" tag="264"><subfield code="c">&#169;2015</subfield></datafield><datafield ind1=" " ind2=" " tag="300"><subfield code="a">xviii, 302 pages, 16 unnumbered pages of plates :</subfield><subfield code="b">illustrations, maps ;</subfield><subfield code="c">24 cm</subfield></datafield><datafield ind1=" " ind2=" " tag="336"><subfield code="a">text</subfield><subfield code="b">txt</subfield><subfield code="2">rdacontent</subfield></datafield><datafield ind1=" " ind2=" " tag="337"><subfield code="a">unmediated</subfield><subfield code="b">n</subfield><subfield code="2">rdamedia</subfield></datafield><datafield ind1=" " ind2=" " tag="338"><subfield code="a">volume</subfield><subfield code="b">nc</subfield><subfield code="2">rdacarrier</subfield></datafield><datafield ind1=" " ind2=" " tag="504"><subfield code="a">Includes bibliographical references (pages 265-286) and index.</subfield></datafield><datafield ind1="0" ind2=" " tag="505"><subfield code="a">The overthrown past. News arrives of the deaths of others ; Today the burning city lights itself ; The hero's red flag is laid across his eyes ; Bombs falling like black pears -- Dream and lie of Franco. Fandangos of shivering owls ; A valley in Spain called Jarama ; The old homestead ; Not everybody's daily life ; A sea of suffering and death ; Cuckoo idealists ; Heads down and hope -- The thing that is trying to ruin the world. Only the Devil knows ; History to the defeated -- The fall of the curtain.</subfield></datafield><datafield ind1=" " ind2=" " tag="520"><subfield code="a">"Pulitzer Prize-winning and bestselling author Richard Rhodes relates the remarkable story of the Spanish Civil War through the eyes of the reporters, writers, artists, doctors, and nurses who witnessed it. The Spanish Civil War (1936-1939) inspired and haunted an extraordinary number of exceptional artists and writers, including Pablo Picasso, Joan Miro, Martha Gellhorn, Ernest Hemingway, George Orwell, and John Dos Passos. The idealism of the cause--defending democracy from fascism at a time when Europe was darkening toward another world war--and the brutality of the conflict drew from them some of their best work: Guernica, For Whom the Bell Tolls, Homage to Catalonia, The Spanish Earth. The war spurred breakthroughs in military and medical technology as well. New aircraft, new weapons, new tactics and strategy all emerged in the intense Spanish conflict. Indiscriminate destruction raining from the sky became a dreaded reality for the first time. Progress also arose from the horror: the doctors and nurses who volunteered to serve with the Spanish defenders devised major advances in battlefield surgery and front-line blood transfusion. In those ways, and in many others, the Spanish Civil War served as a test bed for World War II, and for the entire twentieth century" --</subfield><subfield code="c">from publisher's web site.</subfield></datafield><datafield ind1=" " ind2=" " tag="596"><subfield code="a">29</subfield></datafield><datafield ind1=" " ind2="0" tag="651"><subfield code="a">Spain</subfield><subfield code="x">History</subfield><subfield code="y">Civil War, 1936-1939.</subfield></datafield><datafield ind1=" " ind2=" " tag="949"><subfield code="a">DP269 .R48 2015</subfield><subfield code="h">GMCT-OS-B</subfield><subfield code="i">1007403767</subfield><subfield code="p">36.51</subfield><subfield code="k">AVAIL_SOON</subfield></datafield><datafield ind1=" " ind2=" " tag="926"><subfield code="a">DP269 .R48 2015</subfield><subfield code="w">LC</subfield><subfield code="c">1</subfield><subfield code="i">1007403767</subfield><subfield code="d">3/20/2015</subfield><subfield code="l">ON_SHELF</subfield><subfield code="m">GR_MACEWAN</subfield><subfield code="p">$36.51</subfield><subfield code="r">Y</subfield><subfield code="s">Y</subfield><subfield code="t">BOOK</subfield><subfield code="u">3/10/2015</subfield></datafield></record>